@book { k-and-r
      , title = {The C Programming Language}
      , author = {Brian W. Kernighan and Dennis M. Ritchie}
      , year = {1988}
      , publisher = {Prentice Hall}
      , isbn = {0-13-110362-8}
      }